@INPROCEEDINGS{Bertin-Mahieux2011,
  author = {Thierry Bertin-Mahieux and Daniel P.W. Ellis and Brian Whitman and Paul Lamere},
  title = {{The Million Song Dataset}},
  booktitle = {{Proceedings of the 12th International Conference on Music Information Retrieval ({ISMIR} 2011)}},
  year = {2011},
  owner = {thierry},
  timestamp = {2010.03.07}
}

@misc{Dataset,
  title = {{The Million Song Dataset}},
  note = {on-line at: \url{https://labrosa.ee.columbia.edu/millionsong/}},
  author = {Thierry Bertin-Mahieux and Daniel P.W. Ellis and Brian Whitman and Paul Lamere},
  year = {2011}
}

@misc{HDF5,
  title = {{The HDF5 data model}},
  note = {on-line at: \url{https://support.hdfgroup.org/HDF5/}},
  author = {The HDF Group},
  year = {2011}
}


@misc{KNIME,
  title = {{KNIME Analytics Platform}},
  note = {on-line at: \\ \url{https://www.knime.com/knime-analytics-platform}},
  author = {{KNIME AG}}
}

@misc{MSongsDB,
  title = {{Million Song Database GitHub repository}},
  note = {on-line at: \\ \url{https://github.com/tbertinmahieux/MSongsDB}}
}

@misc{SPSS,
  title = {{IBM SPSS Modeler}},
  note = {on-line at: \\ \url{https://www.ibm.com/analytics/data-science/predictive-analytics/spss-statistical-software}},
  author = {{IBM}}
}

@misc{EchoNest,
  title = {{The Echo Nest}},
  note = {on-line at: \\ \url{http://the.echonest.com/}}
}

@misc{7digital,
  title = {{7digital}},
  note = {on-line at: \\ \url{https://www.7digital.com/}}
}

@misc{MusicBrainz,
  title = {{MusicBrainz}},
  note = {on-line at: \\ \url{https://www.musicbrainz.org/}}
}

@misc{PlayMe,
  title = {{Play.me}},
  note = {on-line at: \\ \url{https://www.playme.com/}}
}

@misc{youtube,
  title = {{YouTube}},
  note = {on-line at: \\ \url{https://www.youtube.com/}}
}

@misc{jupyter,
  title = {{Jupyter notebook}},
  note = {on-line at: \\ \url{http://jupyter.org/}}
}
