@misc{Paper,
  title = {{APPROXIMATING MINIMUM-AREA RECTANGULAR AND CONVEX CONTAINERS FOR PACKING CONVEX POLYGONS}},
  note = {on-line at: \url{jocg.org/index.php/jocg/article/view/289/128}},
  author = {Helmut Alt and Mark de Berg and Christian Knauer},
  year = {2017}
}
